% This file was created with JabRef 2.10b2.
% Encoding: UTF8


@Article{Acito2005,
  Title                    = {Comparative analysis of clutter removal techniques over experimental IR images},
  Author                   = {Acito, Nicola and Corsini, Giovanni and Diani, Marco and Pennucci, G},
  Journal                  = {Optical Engineering},
  Year                     = {2005},
  Number                   = {10},
  Pages                    = {106401--106401},
  Volume                   = {44},

  __markedentry            = {[clair:1]},
  File                     = {:home/clair/Documents/Pixels/References/Comparative analysis of clutter removal techniques over experimental IR images.pdf:PDF},
  Keywords                 = {Bad pixels},
  Owner                    = {clair},
  Publisher                = {International Society for Optics and Photonics},
  Timestamp                = {2016.02.26}
}

@Article{Alda2002,
  Title                    = {Bad pixel identification by means of principal components analysis},
  Author                   = {Alda, Javier and others},
  Journal                  = {Optical engineering},
  Year                     = {2002},
  Number                   = {9},
  Pages                    = {2152--2157},
  Volume                   = {41},

  __markedentry            = {[clair:3]},
  File                     = {:home/clair/Documents/Pixels/References/Bad pixel identification by PCA.pdf:PDF},
  Keywords                 = {PCA, Bad pixels},
  Owner                    = {clair},
  Publisher                = {International Society for Optics and Photonics},
  Timestamp                = {2016.02.25}
}

@InProceedings{An2007,
  Title                    = {Adaptive detection and concealment algorithm of defective pixel},
  Author                   = {An, Jeehoon and Lee, Wonjae and Kim, Jaeseok},
  Booktitle                = {Signal Processing Systems, 2007 IEEE Workshop on},
  Year                     = {2007},
  Organization             = {IEEE},
  Pages                    = {651--656},

  File                     = {:home/clair/Documents/Pixels/References/Adaptive detection and concealment algorithm of defective pixel.pdf:PDF},
  Keywords                 = {Bad pixels},
  Owner                    = {clair},
  Timestamp                = {2016.02.25}
}

@Patent{Baharav2004,
  Title                    = {Bad pixel detection and correction in an image sensing device},
  Nationality              = {US},
  Number                   = {6737625},
  Year                     = {2004},
  Yearfiled                = {2004},
  Author                   = {Baharav, Izhak and Kakarala, Ramakrishna and Zhang, Xuemei and Vook, Dietrich Werner},
  Month                    = may # {~18},
  Note                     = {US Patent 6737625},

  File                     = {:home/clair/Documents/Pixels/References/US6737625.pdf:PDF},
  Keywords                 = {Bad pixels},
  Owner                    = {clair},
  Publisher                = {Google Patents},
  Timestamp                = {2016.02.25}
}

@Article{Burger2009,
  Title                    = {Bad pixel detection in hyperspectral staring camera systems},
  Author                   = {Burger, James},
  Journal                  = {NIR news},
  Year                     = {2009},
  Number                   = {1},
  Pages                    = {9--12},
  Volume                   = {20},

  __markedentry            = {[clair:5]},
  Comment                  = {Unable to download without payment},
  Keywords                 = {Bad pixels},
  Owner                    = {clair},
  Timestamp                = {2016.02.25}
}

@Article{Cheng1996,
  Title                    = {A spatial analysis method for geochemical anomaly separation},
  Author                   = {Cheng, Qiuming and Agterberg, FP and Bonham-Carter, GF},
  Journal                  = {Journal of Geochemical Exploration},
  Year                     = {1996},
  Number                   = {3},
  Pages                    = {183--195},
  Volume                   = {56},

  Keywords                 = {Anomaly thresholding},
  Owner                    = {clair},
  Publisher                = {Elsevier},
  Timestamp                = {2016.02.25}
}

@Article{Cracknell2013,
  Title                    = {Third international symposium on recent advances in quantitative remote sensing},
  Author                   = {Cracknell, Arthur P},
  Journal                  = {International Journal of Remote Sensing},
  Year                     = {2013},
  Number                   = {9-10},
  Pages                    = {3047--3050},
  Volume                   = {34},

  __markedentry            = {[clair:4]},
  Comment                  = {Cited in Santiti2014: refers to median & variance-based approach Need to determine which (if any) particular paper is referred to},
  File                     = {:home/clair/Documents/Pixels/References/Third International Symposium on Recent Advances in Quantitative Remote Sensing.pdf:PDF},
  Keywords                 = {Bad pixels},
  Owner                    = {clair},
  Publisher                = {Taylor \& Francis},
  Timestamp                = {2016.02.25}
}

@InProceedings{Dierickx1998,
  Title                    = {Missing pixel correction algorithm for image sensors},
  Author                   = {Dierickx, Bart and Meynants, Guy},
  Booktitle                = {SYBEN-Broadband European Networks and Electronic Image Capture and Publishing},
  Year                     = {1998},
  Organization             = {International Society for Optics and Photonics},
  Pages                    = {200--203},

  File                     = {:home/clair/Documents/Pixels/References/Missing pixel correction algorithm for image sensors.pdf:PDF},
  Keywords                 = {Bad pixels},
  Owner                    = {clair},
  Timestamp                = {2016.02.26}
}

@InProceedings{Fischer2007,
  Title                    = {Median spectral-spatial bad pixel identification and replacement for hyperspectral SWIR sensors},
  Author                   = {Fischer, Amber D and Downes, TV and Leathers, R},
  Booktitle                = {Defense and Security Symposium},
  Year                     = {2007},
  Organization             = {International Society for Optics and Photonics},
  Pages                    = {65651E--65651E},

  File                     = {:home/clair/Documents/Pixels/References/Median spectral-spatial bad pixel identification.pdf:PDF},
  Keywords                 = {Bad pixels},
  Owner                    = {clair},
  Timestamp                = {2016.02.25}
}

@InProceedings{Ghosh2008,
  Title                    = {Autonomously detecting the defective pixels in an imaging sensor array using a robust statistical technique},
  Author                   = {Ghosh, Siddhartha and Marshall, Ian and Freitas, Alex},
  Booktitle                = {Electronic Imaging 2008},
  Year                     = {2008},
  Organization             = {International Society for Optics and Photonics},
  Pages                    = {680813--680813},

  File                     = {:home/clair/Documents/Pixels/References/Autonomously detecting the defective pixels in an imaging sensor array using a robust statistical technique.pdf:PDF},
  Keywords                 = {Bad pixels},
  Owner                    = {clair},
  Timestamp                = {2016.02.25}
}

@Patent{Granfors1997,
  Title                    = {Automatic identification and correction of bad pixels in a large area solid state x-ray detector},
  Nationality              = {US},
  Number                   = {5657400},
  Year                     = {1997},
  Yearfiled                = {1997},
  Author                   = {Granfors, Paul R and Morvan, Jean Claude},
  Month                    = aug # {~12},
  Note                     = {US Patent 5657400},

  File                     = {:home/clair/Documents/Pixels/References/US5657400.pdf:PDF},
  Keywords                 = {Bad pixels},
  Owner                    = {clair},
  Publisher                = {Google Patents},
  Timestamp                = {2016.02.25}
}

@InProceedings{Han2002,
  Title                    = {Detection and correction of abnormal pixels in Hyperion images},
  Author                   = {Han, T and Goodenough, DG and Dyk, A and Love, J},
  Booktitle                = {Geoscience and Remote Sensing Symposium, 2002. IGARSS'02. 2002 IEEE International},
  Year                     = {2002},
  Organization             = {IEEE},
  Pages                    = {1327--1330},
  Volume                   = {3},

  __markedentry            = {[clair:3]},
  File                     = {:home/clair/Documents/Pixels/References/Detection & correction of abnormal pixels in Hyperion images.pdf:PDF},
  Keywords                 = {Bad pixels},
  Owner                    = {clair},
  Timestamp                = {2016.02.25}
}

@InProceedings{Han-bing2013,
  Title                    = {New scene-based adaptive bad pixel detection algorithm for IRFPA},
  Author                   = {Han-bing, Leng and Zuo-feng, Zhou and Wei, Liu and Bo, Yi and Qing-sheng, Xie and Deng-shan, Wu and Jian-zhong, Cao},
  Booktitle                = {Proc. of SPIE Vol},
  Year                     = {2013},
  Pages                    = {89072T--1},
  Volume                   = {8907},

  File                     = {:home/clair/Documents/Pixels/References/Scene-based adaptive bad pixel detection.pdf:PDF},
  Keywords                 = {Bad pixels},
  Owner                    = {clair},
  Timestamp                = {2016.02.25}
}

@InProceedings{Isoz2005,
  Title                    = {Nonuniformity correction of infrared focal plane arrays},
  Author                   = {Isoz, Wilhelm and Svensson, Thomas and Renhorn, Ingmar},
  Booktitle                = {Defense and Security},
  Year                     = {2005},
  Organization             = {International Society for Optics and Photonics},
  Pages                    = {949--960},

  File                     = {:home/clair/Documents/Pixels/References/Nonuniformity correction of infrared focal plane arrays.pdf:PDF},
  Keywords                 = {Bad pixels},
  Owner                    = {clair},
  Timestamp                = {2016.02.26}
}

@TechReport{JuliaBrettschneider2015,
  Title                    = {Spatial analysis of dead pixels},
  Author                   = {Julia Brettschneider, John Thornby, Tom E Nichols, Wilfrid S Kendall},
  Institution              = {WMG},
  Year                     = {2015},

  __markedentry            = {[clair:3]},
  File                     = {:home/clair/Documents/Pixels/References/Spatial analysis of dead pixels.pdf:PDF},
  Keywords                 = {Technical},
  Owner                    = {clair},
  Timestamp                = {2016.01.27}
}

@InProceedings{Kieffer1996,
  Title                    = {Detection and correction of bad pixels in hyperspectral sensors},
  Author                   = {Kieffer, Hugh H},
  Booktitle                = {SPIE's 1996 International Symposium on Optical Science, Engineering, and Instrumentation},
  Year                     = {1996},
  Organization             = {International Society for Optics and Photonics},
  Pages                    = {93--108},

  File                     = {:home/clair/Documents/Pixels/References/Detection of bad pixels in hyperspectral sensors.pdf:PDF},
  Keywords                 = {Bad pixels},
  Owner                    = {clair},
  Timestamp                = {2016.02.25}
}

@Article{lopez2002principal,
  Title                    = {Principal-component characterization of noise for infrared images},
  Author                   = {L{\'o}pez-Alonso, Jos{\'e} Manuel and Alda, Javier and Bernab{\'e}u, Eusebio},
  Journal                  = {Applied optics},
  Year                     = {2002},
  Number                   = {2},
  Pages                    = {320--331},
  Volume                   = {41},

  File                     = {:home/clair/Documents/Pixels/References/Principal-component characterization of noise for infrared images.pdf:PDF},
  Keywords                 = {PCA, Bad pixels},
  Owner                    = {clair},
  Publisher                = {Optical Society of America},
  Timestamp                = {2016.02.26}
}

@Patent{Lin1990,
  Title                    = {Offset, gain and bad pixel correction in electronic scanning arrays},
  Nationality              = {US},
  Number                   = {4920428},
  Year                     = {1990},
  Yearfiled                = {1990},
  Author                   = {Lin, Ying-wei and Calarco, Anthony F},
  Month                    = apr # {~24},
  Note                     = {US Patent 4,920,428},

  File                     = {:home/clair/Documents/Pixels/References/US4920428.pdf:PDF},
  Keywords                 = {Bad pixels},
  Owner                    = {clair},
  Publisher                = {Google Patents},
  Timestamp                = {2016.02.25}
}

@Article{Liu2009,
  Title                    = {New dynamic algorithm for IRFPA bad pixel detection and compensation based on statistics},
  Author                   = {Liu, C. L. and W. Q. Jin and Y. Cao and X. Liu},
  Journal                  = {Journal of Beijing Institute of Technology},
  Year                     = {2009},
  Number                   = {4},
  Pages                    = {463--467},
  Volume                   = {18},

  __markedentry            = {[clair:4]},
  Comment                  = {Cited in Santiti2014: refers to mean filtering & statistical methods Need to find English-language version!},
  Keywords                 = {Bad pixels},
  Owner                    = {clair},
  Timestamp                = {2016.02.25}
}

@InProceedings{Meng2010,
  Title                    = {Bad pixel replacement based on spatial statistics for IR sensor},
  Author                   = {Meng, Xiang-long and Zhang, Wei and Cong, Ming-yu and Cao, Yi-ming and Bao, Wen-zhuo},
  Booktitle                = {5th International Symposium on Advanced Optical Manufacturing and Testing Technologies},
  Year                     = {2010},
  Organization             = {International Society for Optics and Photonics},
  Pages                    = {76582N--76582N},

  __markedentry            = {[clair:3]},
  File                     = {:home/clair/Documents/Pixels/References/Bad pixel replacement based on spatial statistics.pdf:PDF},
  Keywords                 = {Bad pixels},
  Owner                    = {clair},
  Timestamp                = {2016.02.25}
}

@Patent{Pinto2012,
  Title                    = {Dynamic identification and correction of defective pixels},
  Nationality              = {US},
  Number                   = {8098304},
  Year                     = {2012},
  Yearfiled                = {2008},
  Author                   = {Pinto, Victor and Shaposhnik, Diana},
  Month                    = jan # {~17},
  Note                     = {US Patent 8,098,304},

  __markedentry            = {[clair:3]},
  File                     = {:home/clair/Documents/Pixels/References/US8098304.pdf:PDF},
  Keywords                 = {Bad pixels},
  Owner                    = {clair},
  Publisher                = {Google Patents},
  Timestamp                = {2016.02.25}
}

@Patent{Pourjavid2002,
  Title                    = {Histogram analysis method for defective pixel identification},
  Nationality              = {US},
  Number                   = {6381374},
  Year                     = {2002},
  Yearfiled                = {2002},
  Author                   = {Pourjavid, Sussan},
  Month                    = apr # {~30},
  Note                     = {US Patent 6,381,374},

  File                     = {:home/clair/Documents/Pixels/References/US6381374.pdf:PDF},
  Keywords                 = {Bad pixels},
  Owner                    = {clair},
  Publisher                = {Google Patents},
  Timestamp                = {2016.02.25}
}

@InProceedings{Priestley2015,
  Title                    = {A decision based switching median filter for restoration of images corrupted by high density impulse noise},
  Author                   = {Priestley, J Jezebel and Nandhini, V and Elamaran, V},
  Booktitle                = {Robotics, Automation, Control and Embedded Systems (RACE), 2015 International Conference on},
  Year                     = {2015},
  Organization             = {IEEE},
  Pages                    = {1--5},

  __markedentry            = {[clair:1]},
  File                     = {:Documents/Pixels/References/A Decision based Switching Median Filter for Restoration of Images Corrupted by High Density Impulse Noise .pdf:PDF},
  Keywords                 = {Median filtering},
  Owner                    = {clair},
  Timestamp                = {2016.02.26}
}

@Article{RestrepoGiron2010,
  Title                    = {A new algorithm for detecting and correcting bad pixels in infrared images},
  Author                   = {Restrepo Gir{\'o}n, Andr{\'e}s David and Loaiza Correa, Humberto},
  Journal                  = {Ingenier{\'\i}a e Investigaci{\'o}n},
  Year                     = {2010},
  Number                   = {2},
  Pages                    = {197--207},
  Volume                   = {30},

  Keywords                 = {Bad pixels},
  Owner                    = {clair},
  Publisher                = {Facultad de Ingenier{\'\i}a, Universidad Nacional de Colombia.},
  Timestamp                = {2016.02.25},
  Url                      = {http://www.scielo.org.co/scielo.php?pid=S0120-56092010000200020&script=sci_arttext&tlng=en}
}

@InProceedings{Rummelt2006,
  Title                    = {A combined non-uniformity and bad pixel correction method for superpixelated infrared imagery},
  Author                   = {Rummelt, Nicholas I and Cicchi, Todd and Curzan, JP},
  Booktitle                = {Defense and Security Symposium},
  Year                     = {2006},
  Organization             = {International Society for Optics and Photonics},
  Pages                    = {62060V--62060V},

  File                     = {:home/clair/Documents/Pixels/References/A combined non-uniformity and bad pixel correction method for superpixelated infrared imagery.pdf:PDF},
  Keywords                 = {Bad pixels},
  Owner                    = {clair},
  Timestamp                = {2016.02.25}
}

@Article{Santini2014,
  Title                    = {Advanced anomalous pixel correction algorithms for hyperspectral thermal infrared data: The TASI-600 case study},
  Author                   = {Santini, Federico and Palombo, Angelo and Dekker, Rob J and Pignatti, Stefano and Pascucci, Simone and Schwering, Piet BW},
  Journal                  = {Selected Topics in Applied Earth Observations and Remote Sensing, IEEE Journal of},
  Year                     = {2014},
  Number                   = {6},
  Pages                    = {2393--2404},
  Volume                   = {7},

  __markedentry            = {[clair:3]},
  File                     = {:home/clair/Documents/Pixels/References/Advanced anomalous pixel correction algorithms.pdf:PDF},
  Keywords                 = {Bad pixels},
  Owner                    = {clair},
  Publisher                = {IEEE},
  Timestamp                = {2016.02.25}
}

@Article{Sun1994,
  Title                    = {Detail-preserving median based filters in image processing},
  Author                   = {Sun, Tong and Neuvo, Yrj{\"o}},
  Journal                  = {Pattern Recognition Letters},
  Year                     = {1994},
  Number                   = {4},
  Pages                    = {341--347},
  Volume                   = {15},

  File                     = {:home/clair/Documents/Pixels/References/Detail-preserving median based filters in image processing.pdf:PDF},
  Keywords                 = {Median filtering},
  Owner                    = {clair},
  Publisher                = {Elsevier},
  Timestamp                = {2016.02.26}
}

@InProceedings{Tajbakhsh2011,
  Title                    = {Efficient defect pixel cluster detection and correction for Bayer CFA image sequences},
  Author                   = {Tajbakhsh, Touraj},
  Booktitle                = {IS\&T/SPIE Electronic Imaging},
  Year                     = {2011},
  Organization             = {International Society for Optics and Photonics},
  Pages                    = {78760I--78760I},

  __markedentry            = {[clair:3]},
  File                     = {:home/clair/Documents/Pixels/References/Efficient defect pixel cluster detection and correction.pdf:PDF},
  Keywords                 = {Bad pixels},
  Owner                    = {clair},
  Timestamp                = {2016.02.25}
}

@InProceedings{Tanbakuchi2003,
  Title                    = {Adaptive pixel defect correction},
  Author                   = {Tanbakuchi, Anthony A and van der Sijde, Arjen and Dillen, Bart and Theuwissen, Albert JP and de Haan, Wim},
  Booktitle                = {Electronic Imaging 2003},
  Year                     = {2003},
  Organization             = {International Society for Optics and Photonics},
  Pages                    = {360--370},

  File                     = {:home/clair/Documents/Pixels/References/Adaptive pixel defect correction.pdf:PDF},
  Keywords                 = {Bad pixels},
  Owner                    = {clair},
  Timestamp                = {2016.02.25}
}

@Article{Yang2011,
  Title                    = {Identification and replacement of defective pixel based on Matlab for IR sensor},
  Author                   = {Yang, Minghui and Chen, Sihai and Wu, Xin and Fu, Wen and Huang, Zhangli},
  Journal                  = {Frontiers of Optoelectronics in China},
  Year                     = {2011},
  Number                   = {4},
  Pages                    = {434--437},
  Volume                   = {4},

  __markedentry            = {[clair:3]},
  File                     = {:home/clair/Documents/Pixels/References/Identification & replacement of defective pixel.pdf:PDF},
  Keywords                 = {Bad pixels},
  Owner                    = {clair},
  Publisher                = {Springer},
  Timestamp                = {2016.02.25}
}

@Patent{Yen2004,
  Title                    = {Correcting defect pixels in a digital image},
  Nationality              = {US},
  Number                   = {6724945},
  Year                     = {2004},
  Yearfiled                = {2004},
  Author                   = {Yen, Jonathan and Tretter, Daniel R and Nguyen, Truong-Thao},
  Month                    = apr # {~20},
  Note                     = {US Patent 6,724,945},

  File                     = {:home/clair/Documents/Pixels/References/US6724945.pdf:PDF},
  Keywords                 = {Bad pixels},
  Owner                    = {clair},
  Publisher                = {Google Patents},
  Timestamp                = {2016.02.25}
}

@Article{Zhang2002,
  Title                    = {A new impulse detector for switching median filters},
  Author                   = {Zhang, Shuqun and Karim, Mohammad A},
  Journal                  = {IEEE Signal processing letters},
  Year                     = {2002},
  Number                   = {11},
  Pages                    = {360--363},
  Volume                   = {9},

  __markedentry            = {[clair:3]},
  File                     = {:home/clair/Documents/Pixels/References/A New Impulse Detector for Switching Median Filters.pdf:PDF},
  Keywords                 = {Median filtering},
  Owner                    = {clair},
  Timestamp                = {2016.02.26}
}

@proceeding{doi:10.1117/12.2057694,
author = {Smith, Roger M. and Hale, David and Wizinowich, Peter},
title = {
Bad pixel mapping
},
journal = {Proc. SPIE},
volume = {9154},
number = {},
pages = {915417-915417-16},,
year = {2014},
doi = {10.1117/12.2057694},
URL = { http://dx.doi.org/10.1117/12.2057694},
  Timestamp                = {2016.03.07}
}


@comment{jabref-meta: selector_keywords:Anomaly thresholding;Bad pixel
s;Median filtering;PCA;Technical;}

@comment{jabref-meta: groupsversion:3;}

@comment{jabref-meta: groupstree:
0 AllEntriesGroup:;
1 KeywordGroup:Bad pixel identification\;0\;keywords\;Bad pixels\;0\;0
\;;
1 KeywordGroup:Median filtering\;0\;keywords\;Median filtering\;0\;0\;
;
1 KeywordGroup:Technical\;0\;keywords\;Technical\;0\;0\;;
1 KeywordGroup:Anomaly thresholding\;0\;keywords\;Anomaly thresholding
\;0\;0\;;
1 KeywordGroup:PCA\;0\;keywords\;PCA\;0\;0\;;
}

