
@inproceedings{badpxmapping,
  title={Bad pixel mapping},
  author={Smith, Roger M and Hale, David and Wizinowich, Peter},
  booktitle={SPIE Astronomical Telescopes \& Instrumentation},
  year={2014},
  organization={International Society for Optics and Photonics}
}

@article{ISR-0206,
  title={A First Look at Hot Pixels on ACS},
  author={Riess, Adam and Mutchler, Max and Van Orsow, Doug},
  journal={STScI Instrument Science Report ACS},
  volume={6},
  year={2002}
}

@article{ISR-0209,
  title={The Projected Growth of Hot Pixels on ACS WFC},
  author={Riess, Adam},
  journal={Instrument Science Report ACS 2002-09},
  year={2002}
}

@article{ISR-0203,
  title={ACS after SM4: Relative Gain Values Among the Four WFC Amplifiers},
  author={Bohlin, RC and Maybhate, A and Mack, J},
  journal={Instrument Science Report ACS 2009-03},
  volume={1},
  pages={3},
  year={2009}
}

