@article{readoutDark2014,
  title={Readout Dark: Dark Current Accumulation During ACS/WFC Readout},
  author={Coe, Dan and Grogin, Norman},
  journal={Instrument Science Report ACS 2014-02, 17 pages},
  volume={1},
  pages={2},
  year={2014}
}


@article{CTEevolution2012,
  title={Study of the evolution of the ACS/WFC charge transfer efficiency},
  author={{\'U}beda, Leonardo and Anderson, Jay},
  journal={ACS Instrument Science Report},
  volume={3},
  pages={2012},
  year={2012},
  publisher={Citeseer}
}

@article{biasStriping2011,
  title={Post-SM4 ACS/WFC Bias Striping: Characterization And Mitigation},
  author={Grogin, NA and Lim, PL and Maybhate, A and Hook, RN and Loose, M},
  journal={Instrument Science Report},
  year={2011},
  publisher={Citeseer}
}

@article{readNoise2013,
  title={ACS/WFC Amplifier D Read Noise Anomaly: Sudden Jump from 3.8 to 5.0 Electrons},
  author={Coe, Dan and Grogin, Norman and Golimowski, David and Ogaz, Sara and Avila, Roberto J},
  journal={Technical Instrument Report},
  year={2013}
}

@article{darkCalibration2004,
  title={Bias and dark calibration of ACS data},
  author={Mutchler, Max and Sirianni, Marco and Van Orsow, Doug and Riess, Adam},
  journal={ISR ACS},
  volume={7},
  year={2004}
}

@phdthesis{aSiPanelDamage,
  title={Amorphous silicon detector panel damage: correlating physical parameters to clinical usability},
  author={Moura, Filipe Martins Garcia de},
  year={2008}
}
