@article{riess2002projected,
  title={The Projected Growth of Hot Pixels on ACS WFC},
  author={Riess, Adam},
  journal={Instrument Science Report ACS 2002-09, 7 pages},
  year={2002}
}

